%% report.bib - contains BiBtex input for bibliography

@ARTICLE{Najita2016,
   author = {{Najita}, J. and {Willman}, B. and {Finkbeiner}, D.~P. and {Foley}, R.~J. and 
	{Hawley}, S. and {Newman}, J.~A. and {Rudnick}, G. and {Simon}, J.~D. and 
	{Trilling}, D. and {Street}, R. and {Bolton}, A. and {Angus}, R. and 
	{Bell}, E.~F. and {Buzasi}, D. and {Ciardi}, D. and {Davenport}, J.~R.~A. and 
	{Dawson}, W. and {Dickinson}, M. and {Drlica-Wagner}, A. and 
	{Elias}, J. and {Erb}, D. and {Feaga}, L. and {Fong}, W.-f. and 
	{Gawiser}, E. and {Giampapa}, M. and {Guhathakurta}, P. and 
	{Hoffman}, J.~L. and {Hsieh}, H. and {Jennings}, E. and {Johnston}, K.~V. and 
	{Kashyap}, V. and {Li}, T.~S. and {Linder}, E. and {Mandelbaum}, R. and 
	{Marshall}, P. and {Matheson}, T. and {Meibom}, S. and {Miller}, B.~W. and 
	{O'Meara}, J. and {Reddy}, V. and {Ridgway}, S. and {Rockosi}, C.~M. and 
	{Sand}, D.~J. and {Schafer}, C. and {Schmidt}, S. and {Sesar}, B. and 
	{Sheppard}, S.~S. and {Thomas}, C.~A. and {Tollerud}, E.~J. and 
	{Trump}, J. and {von der Linden}, A.},
    title = "{Maximizing Science in the Era of LSST: A Community-Based Study of Needed US Capabilities}",
  journal = {ArXiv e-prints},
archivePrefix = "arXiv",
   eprint = {1610.01661},
 primaryClass = "astro-ph.IM",
 keywords = {Astrophysics - Instrumentation and Methods for Astrophysics},
     year = 2016,
    month = oct,
   adsurl = {http://adsabs.harvard.edu/abs/2016arXiv161001661N},
  adsnote = {Provided by the SAO/NASA Astrophysics Data System}
}

